<?xml version="1.0" encoding="UTF-8"?><collection xmlns="http://www.loc.gov/MARC21/slim"><record><leader>00405nam--2200121-i-4500</leader><controlfield tag="001">000042579</controlfield><controlfield tag="002">20161230</controlfield><controlfield tag="005">20161230201043</controlfield><controlfield tag="008">060222s1000------------r-----000-0-eng-d</controlfield><datafield ind1=" " ind2=" " tag="245"><subfield code="a">Stability vonstants of metal-ion complexes. supplement no 1.dedicated to the memory of lars gunnar sillen. part 1:inorganic ligandds</subfield></datafield><datafield ind1=" " ind2=" " tag="260"><subfield code="a">London, Chemical Society, 1964. Xx+865 P</subfield></datafield><datafield ind1=" " ind2=" " tag="490"><subfield code="a">Special Pub</subfield></datafield><datafield ind1=" " ind2=" " tag="852"><subfield code="a">14038</subfield></datafield></record></collection>